<?xml version="1.0" encoding="UTF-8"?>
<collection xmlns:xsi="http://www.w3.org/2001/XMLSchema-instance" xsi:schemaLocation="http://www.loc.gov/MARC21/slim http://www.loc.gov/standards/marcxml/schema/MARC21slim.xsd" xmlns="http://www.loc.gov/MARC21/slim">
<record>
  <leader>02324cam a2200433 a 4500</leader>
  <controlfield tag="001">3111722</controlfield>
  <controlfield tag="003">NNC</controlfield>
  <controlfield tag="005">20130426021829.0</controlfield>
  <controlfield tag="008">011019m19349999ua h     bc  f000 0 ara  </controlfield>
  <datafield tag="010" ind1=" " ind2=" ">
    <subfield code="a">ne 68002072 </subfield>
  </datafield>
  <datafield tag="035" ind1=" " ind2=" ">
    <subfield code="a">(OCoLC)35743157</subfield>
  </datafield>
  <datafield tag="035" ind1=" " ind2=" ">
    <subfield code="a">(OCoLC)ocm35743157</subfield>
  </datafield>
  <datafield tag="035" ind1=" " ind2=" ">
    <subfield code="9">ATU3196CU</subfield>
  </datafield>
  <datafield tag="035" ind1=" " ind2=" ">
    <subfield code="a">(NNC)3111722</subfield>
  </datafield>
  <datafield tag="040" ind1=" " ind2=" ">
    <subfield code="a">DLC</subfield>
    <subfield code="c">DLC-R</subfield>
    <subfield code="d">DLC-R</subfield>
  </datafield>
  <datafield tag="041" ind1="1" ind2=" ">
    <subfield code="a">ara</subfield>
    <subfield code="h">eng</subfield>
  </datafield>
  <datafield tag="043" ind1=" " ind2=" ">
    <subfield code="a">f-ua---</subfield>
  </datafield>
  <datafield tag="050" ind1="0" ind2="0">
    <subfield code="a">PJ7596</subfield>
    <subfield code="b">.D3712 1934 &lt;Orien Arab&gt;</subfield>
  </datafield>
  <datafield tag="066" ind1=" " ind2=" ">
    <subfield code="c">(3</subfield>
  </datafield>
  <datafield tag="110" ind1="2" ind2=" ">
    <subfield code="6">880-01</subfield>
    <subfield code="a">Dār al-Kutub al-Miṣrīyah.</subfield>
  </datafield>
  <datafield tag="240" ind1="1" ind2="0">
    <subfield code="a">Arabic papyri in the Egyptian Library.</subfield>
    <subfield code="l">Arabic</subfield>
  </datafield>
  <datafield tag="245" ind1="1" ind2="0">
    <subfield code="6">880-02</subfield>
    <subfield code="a">Awrāq al-bardī al-ʻArabīyah bi-Dār al-Kutub al-Miṣrīyah /jamaʻahāh wa-ʻallaqa ʻalayhā wa-waḍaʻahā bi-al-Injilīzīyah Adūlf Jrūhmān ; ishtaraka maʻa al-muʾallif fī naql al-kitāb ilá al-ʻArabīyah Ḥasan Ibrāhīm Ḥasan ; rājaʻa al-tarjamah ʻAbd al-Ḥamīd Ḥasan.</subfield>
  </datafield>
  <datafield tag="250" ind1=" " ind2=" ">
    <subfield code="6">880-03</subfield>
    <subfield code="a">al-Ṭabʻah 1.</subfield>
  </datafield>
  <datafield tag="260" ind1=" " ind2=" ">
    <subfield code="6">880-04</subfield>
    <subfield code="a">al-Qāhirah :</subfield>
    <subfield code="b">Maṭbaʻat Dār al-Kutub al-Miṣrīyah,</subfield>
    <subfield code="c">1934-&lt;1974   &gt;</subfield>
  </datafield>
  <datafield tag="300" ind1=" " ind2=" ">
    <subfield code="a">v. :</subfield>
    <subfield code="f">acsims. ;</subfield>
    <subfield code="c">33 cm.</subfield>
  </datafield>
  <datafield tag="504" ind1=" " ind2=" ">
    <subfield code="a">Includes bibliographical references.</subfield>
  </datafield>
  <datafield tag="505" ind1="1" ind2=" ">
    <subfield code="a">Sifr 1. Baʻd al-ṭarz wa-al-wathāʾiq al-fiqhīyah -- sifr 2-3. Wathāʾiq fiqhīyah (2 v.) -- sifr 4. Wathāʾiq idārīyah --    sifr 6. Yashtamilu ʻalá wathāʾiq iqtiṣādīyah.</subfield>
  </datafield>
  <datafield tag="650" ind1=" " ind2="0">
    <subfield code="a">Manuscripts, Arabic (Papyri)</subfield>
    <subfield code="v">Catalogs.</subfield>
  </datafield>
  <datafield tag="650" ind1=" " ind2="0">
    <subfield code="a">Manuscripts, Arabic (Papyri)</subfield>
    <subfield code="v">Facsimiles.</subfield>
  </datafield>
  <datafield tag="650" ind1=" " ind2="0">
    <subfield code="a">Manuscripts</subfield>
    <subfield code="z">Egypt</subfield>
    <subfield code="v">Catalogs.</subfield>
  </datafield>
  <datafield tag="650" ind1=" " ind2="0">
    <subfield code="a">Manuscripts, Arabic (Papyri)</subfield>
  </datafield>
  <datafield tag="700" ind1="1" ind2=" ">
    <subfield code="a">Grohmann, Adolf,</subfield>
    <subfield code="d">1887-</subfield>
  </datafield>
  <datafield tag="700" ind1="1" ind2=" ">
    <subfield code="6">880-05</subfield>
    <subfield code="a">Ḥasan, Ḥasan Ibrāhīm.</subfield>
  </datafield>
  <datafield tag="880" ind1="2" ind2=" ">
    <subfield code="6">110-01/(3/r</subfield>
    <subfield code="a">دار الكتب المصرية.</subfield>
  </datafield>
  <datafield tag="880" ind1="1" ind2="0">
    <subfield code="6">245-02/(3/r</subfield>
    <subfield code="a">أوراق البردى العربية بدار الكتب المصرية /</subfield>
    <subfield code="c">جمعها وعلق عليها ووضعها بالانجليزية أدولف جروهمان ؛ اشترك مع المؤلف في نقل الكتاب الى العربية حسن ابراهيم حسن ؛ راجع الترجمة عبد الحميد حسن .</subfield>
  </datafield>
  <datafield tag="880" ind1=" " ind2=" ">
    <subfield code="6">250-03/(3/r</subfield>
    <subfield code="a">الطبعة 1.</subfield>
  </datafield>
  <datafield tag="880" ind1=" " ind2=" ">
    <subfield code="6">260-04/(3/r</subfield>
    <subfield code="a">القاهرة :</subfield>
    <subfield code="b">مطبعة دار الكتب المصرية،</subfield>
    <subfield code="c">1934-&lt;1974 &gt;.</subfield>
  </datafield>
  <datafield tag="880" ind1="1" ind2=" ">
    <subfield code="6">700-05/(3/r</subfield>
    <subfield code="a">حسن، حسن ابراهيم.</subfield>
  </datafield>
  <datafield tag="955" ind1=" " ind2=" ">
    <subfield code="b">0022493395</subfield>
    <subfield code="d">glx</subfield>
    <subfield code="e">893.75 G8942</subfield>
  </datafield>
</record>
</collection>